{
  "leader": "01862cam  22003853u 4500",
  "fields": [
    {
      "001": "ocn645134696"
    },
    {
      "003": "OCoLC"
    },
    {
      "005": "20211112104703.0"
    },
    {
      "008": "100630s1909\\\\\\\\laua\\\\\\\\\\b\\\\\\\\000\\\\0eng\\d"
    },
    {
      "040": {
        "ind1": "\\",
        "ind2": "\\",
        "subfields": [
          {
            "a": "EYM"
          },
          {
            "b": "eng"
          },
          {
            "c": "EYM"
          },
          {
            "d": "OCLCQ"
          }
        ]
      }
    },
    {
      "024": {
        "ind1": "8",
        "ind2": "\\",
        "subfields": [
          {
            "a": "530429"
          }
        ]
      }
    },
    {
      "024": {
        "ind1": "8",
        "ind2": "\\",
        "subfields": [
          {
            "a": "sdr-ia-srlf530429"
          }
        ]
      }
    },
    {
      "035": {
        "ind1": "\\",
        "ind2": "\\",
        "subfields": [
          {
            "a": "(OCoLC)645134696"
          }
        ]
      }
    },
    {
      "042": {
        "ind1": "\\",
        "ind2": "\\",
        "subfields": [
          {
            "a": "dc"
          }
        ]
      }
    },
    {
      "082": {
        "ind1": "0",
        "ind2": "4",
        "subfields": [
          {
            "a": "614.541"
          },
          {
            "b": "AUG"
          }
        ]
      }
    },
    {
      "100": {
        "ind1": "1",
        "ind2": "\\",
        "subfields": [
          {
            "a": "Augustin, George."
          }
        ]
      }
    },
    {
      "245": {
        "ind1": "1",
        "ind2": "0",
        "subfields": [
          {
            "a": "History of yellow fever /"
          },
          {
            "c": "by George Augustin."
          }
        ]
      }
    },
    {
      "260": {
        "ind1": "\\",
        "ind2": "\\",
        "subfields": [
          {
            "b": "New Orleans :"
          },
          {
            "b": "Published for the author by Searcy & Pfaff,"
          },
          {
            "c": "1909."
          }
        ]
      }
    },
    {
      "300": {
        "ind1": "\\",
        "ind2": "\\",
        "subfields": [
          {
            "a": "1194 pages :"
          },
          {
            "b": "illustrations ;"
          },
          {
            "c": "24 cm"
          }
        ]
      }
    },
    {
      "540": {
        "ind1": "\\",
        "ind2": "\\",
        "subfields": [
          {
            "a": "We have determined this item to be in the public domain according to US copyright law through information in the bibliographic record and/or US copyright renewal records. The digital version is available for all educational uses worldwide. Please contact HathiTrust staff at hathitrust-help@umich.edu with any questions about this item."
          }
        ]
      }
    },
    {
      "546": {
        "ind1": "\\",
        "ind2": "\\",
        "subfields": [
          {
            "a": "Eng."
          }
        ]
      }
    },
    {
      "520": {
        "ind1": "8",
        "ind2": "\\",
        "subfields": [
          {
            "a": "We have determined this item to be in the public domain according to US copyright law through information in the bibliographic record and/or US copyright renewal records. The digital version is available for all educational uses worldwide. Please contact HathiTrust staff at hathitrust-help@umich.edu with any questions about this item."
          }
        ]
      }
    },
    {
      "520": {
        "ind1": "8",
        "ind2": "\\",
        "subfields": [
          {
            "a": "Yellow Fever--history."
          }
        ]
      }
    },
    {
      "520": {
        "ind1": "8",
        "ind2": "\\",
        "subfields": [
          {
            "a": "(OCoLC)12842660."
          }
        ]
      }
    },
    {
      "520": {
        "ind1": "8",
        "ind2": "\\",
        "subfields": [
          {
            "a": "530429."
          }
        ]
      }
    },
    {
      "520": {
        "ind1": "8",
        "ind2": "\\",
        "subfields": [
          {
            "a": "Sdr-ia-srlf530429."
          }
        ]
      }
    },
    {
      "520": {
        "ind1": "8",
        "ind2": "\\",
        "subfields": [
          {
            "a": "Http://hdl.handle.net/2027/uc2.ark:/13960/t73t9vt1x."
          }
        ]
      }
    },
    {
      "504": {
        "ind1": "\\",
        "ind2": "\\",
        "subfields": [
          {
            "a": "Includes bibliographical references."
          }
        ]
      }
    },
    {
      "650": {
        "ind1": "\\",
        "ind2": "0",
        "subfields": [
          {
            "a": "Yellow fever"
          },
          {
            "x": "History."
          }
        ]
      }
    },
    {
      "720": {
        "ind1": "\\",
        "ind2": "\\",
        "subfields": [
          {
            "a": "Augustin, George."
          },
          {
            "4": "cre"
          }
        ]
      }
    },
    {
      "786": {
        "ind1": "0",
        "ind2": "8",
        "subfields": [
          {
            "n": "http://hdl.handle.net/2027/uc2.ark:/13960/t73t9vt1x"
          }
        ]
      }
    },
    {
      "856": {
        "ind1": "4",
        "ind2": "0",
        "subfields": [
          {
            "u": "http://hdl.handle.net/2027/uc2.ark:/13960/t73t9vt1x"
          }
        ]
      }
    },
    {
      "994": {
        "ind1": "\\",
        "ind2": "\\",
        "subfields": [
          {
            "a": "Z0"
          },
          {
            "b": "NYRVC"
          }
        ]
      }
    },
    {
      "948": {
        "ind1": "\\",
        "ind2": "\\",
        "subfields": [
          {
            "h": "NO HOLDINGS IN NYRVC - 0 OTHER HOLDINGS"
          }
        ]
      }
    },
    {
      "999": {
        "ind1": "\\",
        "ind2": "\\",
        "subfields": [
          {
            "a": "no barcode."
          }
        ]
      }
    }
  ]
}